@article{dorr,
  title={A survey of current paradigms in machine translation},
  author={Dorr, Bonnie J and Jordan, Pamela W and Benoit, John W},
  journal={Advances in computers},
  volume={49},
  pages={1--68},
  year={1999},
  publisher={Elsevier}
}

@book{koehn,
 author = {Koehn, Philipp},
 title = {Statistical Machine Translation},
 year = {2010},
 isbn = {0521874157, 9780521874151},
 edition = {1st},
 publisher = {Cambridge University Press},
 address = {New York, NY, USA},
} 

@book{bhattacharyya,
  Author = {Pushpak Bhattacharyya},
  Title = {Machine Translation},
  Publisher = {Chapman and Hall/CRC},
  Year = {2015},
  ISBN = {1439897182},
}

@article{MThistory,
  title={The history of machine translation in a nutshell},
  author={Hutchins, John},
  journal={Retrieved December},
  volume={20},
  pages={2009},
  year={2005}
}

@article{openNMT,
  title={OpenNMT: Open-Source Toolkit for Neural Machine Translation},
  author={Klein, Guillaume and Kim, Yoon and Deng, Yuntian and Senellart, Jean and Rush, Alexander M},
  journal={arXiv preprint arXiv:1701.02810},
  year={2017}
}

@article{NLPAmbiguity,
  title={Natural language processing: A perspective from computation in presence of ambiguity, resource constraint and multilinguality},
  author={Bhattacharyya, Pushpak},
  journal={CSI journal of computing},
  volume={1},
  number={2},
  pages={1--13},
  year={2012},
  publisher={Citeseer}
}

@InCollection{sep-ambiguity,
	author       =	{Sennet, Adam},
	title        =	{Ambiguity},
	booktitle    =	{The Stanford Encyclopedia of Philosophy},
	editor       =	{Edward N. Zalta},
	howpublished =	{\url{https://plato.stanford.edu/archives/spr2016/entries/ambiguity/}},
	year         =	{2016},
	edition      =	{Spring 2016},
	publisher    =	{Metaphysics Research Lab, Stanford University}
}
